3098 4988
752 325 791 382 27

213 532 272 574 usu
307 509 479 574 Homerico
513 509 736 592 distingueret.
792 507 886 589 Quod
925 510 1071 594 quamvis
1110 531 1152 572 ex
1188 508 1334 594 plurimis

212 611 342 676 scholiis
365 612 498 685 eluceat,
523 609 620 674 nullis
643 620 749 674 tamen
774 609 956 675 evidentius
972 611 1216 688 demonstratur,
1240 634 1336 697 quam

213 712 338 778 duobus
361 712 424 776 illis
447 712 489 777 ad
511 714 548 791 B,
572 716 634 776 397
657 713 717 788 (tlh)
735 712 870 790 traditis,
894 735 1029 800 quorum
1047 713 1182 778 alterum
1199 712 1335 777 referen-

213 817 289 880 dum
312 815 423 879 estad
448 815 675 888 Aristonicum,
699 814 775 877 hoc:
809 807 837 898 ,ἡ
869 815 960 896 διπλῆ
981 807 1030 878 ’ὁτι
1051 810 1084 877 οὐ
1112 815 1272 899 γραπτέον,
1297 807 1338 889 ὥς

212 938 306 995 τινές,
339 916 479 1002 γένηται·
519 907 741 1000 ὁμηρικώτέρον
776 909 833 998 γάρ
864 910 958 992 οὕτως
987 917 1084 997 λέγειν
1115 916 1270 998 ,γένωνται
1297 909 1338 978 τὰ

212 1014 360 1103 κύματα,
384 1011 425 1093 ὡς
448 1013 581 1101 ,σπάρτα
602 1016 770 1094 λέλυνταέ,
802 1019 936 1083 alterum
967 1019 1008 1083 ad
1034 1019 1226 1102 Didymum,
1260 1017 1338 1082 hoc:

215 1116 320 1199 ,οὕτως
343 1119 375 1183 αἱ
398 1114 611 1202 Ἀριστάρχου·
642 1120 731 1183 τοῦτο
762 1121 795 1184 δὲ
822 1117 876 1184 καὶ
905 1112 920 1183 ὃ
951 1120 987 1183 ἐκ
1015 1121 1090 1184 τῶν
1108 1113 1336 1206 ὑπομνημάτων

213 1205 476 1309 >specularem
490 1221 567 1303 ἔχων
581 1222 684 1306 τῇδέ·
700 1219 834 1300 ,ἐπὶτῶν
850 1217 995 1305 κυμάτων
1010 1223 1101 1304 λέγει,
1117 1216 1152 1285 τ“ο
1171 1221 1316 1300 γένωνται
1330 1238 1337 1267 ·=

212 1329 255 1407 τῷ
278 1318 405 1410 τοιούτῳ
436 1317 600 1398 πλεονάκις
629 1323 792 1409 κέχρηται,
821 1319 898 1392 ὥστε
928 1321 983 1388 καὶ
1012 1321 1062 1387 έπί
1089 1324 1148 1387 τῶν
1179 1318 1339 1406 οὐδετέρων

213 1419 409 1511 πληῗνυντικά
449 1421 701 1508 παραλαμβάνει·
757 1426 954 1508 μέταποιοῦοι
1003 1426 1036 1488 δέ
1078 1447 1156 1500 τινες
1203 1425 1338 1510 γένηται,

214 1523 270 1593 οὐκ
293 1523 400 1612 ὂρὲλῶς.
425 1561 464 1570 -
750 1600 752 1606 k

299 1630 425 1711 Quibus
448 1628 558 1693 verbis
581 1632 814 1713 cognoscimus,
839 1631 1061 1695 Aristarchum
1085 1653 1149 1695 non
1173 1652 1338 1693 assensum

215 1756 285 1798 esse
317 1730 510 1818 quibusdam
542 1730 613 1796 aliis
637 1734 857 1815 grammaticis
880 1730 933 1811 (·-
957 1730 1036 1807 τινὲς
1057 1733 1130 1813 -),
1163 1734 1217 1818 qui
1246 1753 1339 1795 usum

214 1835 422 1900 Homericum
447 1833 488 1897 ab
511 1856 571 1897 usu
588 1835 656 1898 eius
675 1857 738 1922 quo
754 1835 902 1899 viverent
917 1836 1071 1920 temporis
1086 1857 1148 1899 non
1166 1834 1340 1918 distingue-

214 1948 293 2003 rent.
338 1936 483 2016 Quorum
506 1935 641 2000 aliorum
664 1960 706 2000 ex
729 1959 861 2001 numero
884 1939 986 2024 primo
1003 1936 1072 2000 loco
1088 1936 1339 2016 Zenodotusest

214 2039 444 2113 nominandus,
469 2040 522 2123 qui
546 2038 693 2124 plurimis
716 2040 810 2115 locis,
842 2038 961 2126 quibus
983 2028 1190 2104 Aristarchus
1213 2038 1340 2124 scripsit

199 2141 386 2229 pluralem,
416 2140 571 2227 praetulit
600 2141 812 2226 singularem,
842 2152 878 2205 ut
901 2146 956 2204 17b
980 2136 1088 2223 (φάγον
1110 2175 1152 2185 -
1175 2143 1240 2220 εν),
1271 2142 1339 2203 sine

216 2245 322 2319 dubio,
346 2243 432 2330 quod
455 2244 519 2306 iam
541 2244 624 2307 vidit
640 2244 845 2308 Duentnerus
855 2243 888 2319 ²),
911 2255 1074 2330 permotus
1092 2242 1235 2326 „volgari
1251 2265 1338 2306 more

214 2345 397 2435 loquendi“.
442 2343 516 2425 Qua
539 2348 627 2409 inre
659 2369 722 2411 non
752 2346 1075 2432 praetermittendum
1106 2355 1170 2422 est,
1201 2347 1340 2409 Aristar·

216 2450 310 2515 chum
333 2447 396 2512 illis
413 2445 491 2511 locis
507 2449 679 2534 praecipue
695 2447 799 2535 diplas
816 2449 1034 2535 adscripsisse,
1051 2448 1084 2510 in
1101 2447 1218 2533 quibus
1234 2449 1340 2531 singu-

217 2552 290 2616 laris
312 2550 442 2616 omnino
465 2571 528 2613 non
551 2560 656 2634 potest
679 2549 758 2636 legi,
781 2561 817 2614 ut
839 2554 880 2627 B,
906 2553 965 2614 135
990 2545 1134 2633 (,σπάρτα
1162 2549 1337 2629 λέλυνταέ),

218 2653 269 2718 vel
296 2655 342 2727 H,
374 2656 393 2715 6
422 2659 492 2729 γυῖα
519 2652 692 2733 λέλυνται),
721 2652 815 2729 aliis,¹
840 2653 926 2740 quod
948 2653 1125 2716 rectissime
1153 2651 1340 2717 observavit

219 2754 396 2820 Larochius
406 2754 443 2831 ³).
490 2754 545 2818 Sin
569 2764 676 2819 autern
701 2756 751 2818 vir
772 2755 826 2818 ille
849 2756 1052 2820 doctissimus
1076 2776 1339 2830 commemorans,

215 2859 371 2946 plurimos
394 2858 533 2921 inveniri
557 2856 644 2921 locos
667 2858 698 2920 in
723 2856 840 2944 quibus
868 2866 899 2921 et
928 2856 1124 2940 singularem
1148 2856 1243 2921 liceat
1264 2859 1340 2943 poni

216 2973 248 3024 ct
258 2959 425 3046 pluralem,
437 2960 470 3022 in
484 2958 547 3022 illis
557 2960 779 3024 Aristarchum
789 2958 942 3045 probasse
953 2959 1111 3046 pluralem
1121 2969 1221 3045 putat,
1234 2982 1340 3023 assen-

216 3064 268 3127 tiri
277 3064 307 3127 ei
315 3062 492 3149 nequimus.
506 3062 579 3126 Non
590 3063 683 3137 enim,
696 3071 731 3126 ut
740 3084 844 3148 pauca
853 3061 895 3126 ad
905 3084 977 3126 eam
989 3063 1183 3126 sententium
1197 3061 1340 3126 refellen-

217 3165 292 3229 dam
315 3164 485 3250 afferemus
508 3164 658 3250 exempla
680 3165 834 3229 traditum
866 3173 929 3241 est,
955 3164 1177 3228 Aristarchum
1207 3168 1262 3227 29ν
1282 3187 1339 3249 pro

218 3259 387 3349 ,φάρμαχ“·
415 3259 551 3348 παύσῃσι
572 3265 688 3349 legisse
712 3261 907 3344 ,..παὺοωσι“
930 3265 983 3331 vel
1005 3270 1060 3330 72ἃ
1080 3288 1139 3351 pro
1162 3260 1258 3344 ,οὔατ’
1283 3260 1337 3329 ἀκ-

218 3366 323 3451 ουέμεν
353 3363 439 3432 ἐστὶ
468 3416 473 3428 .
506 3415 512 3429 .
543 3364 635 3446 εἰσί,
666 3371 813 3456 quamvis
835 3368 898 3444 his,
928 3378 964 3434 ut
985 3367 1058 3433 aliis
1080 3368 1173 3444 locis,
1204 3381 1339 3433 metrum

218 3493 282 3534 non
309 3469 466 3547 obstaret,
490 3472 567 3557 quin
599 3470 757 3556 pluralem
786 3471 1008 3536 scriberemus.
1051 3471 1135 3536 Aliis
1165 3473 1264 3557 igitur
1292 3494 1340 3535 ra-

218 3571 359 3637 tionibus
389 3571 547 3637 adductus
585 3575 815 3656 grammaticus
843 3574 897 3638 ille
929 3573 1154 3638 subtilissimus
1183 3572 1340 3660 pluralem

219 3673 413 3760 quibusdam
436 3674 511 3738 solis
533 3673 612 3739 locis
633 3675 825 3761 praetulisse
847 3675 984 3740 videtur.

303 3775 495 3862 Priusquam
512 3785 620 3840 autem
636 3778 677 3842 ad
691 3780 831 3842 rationes
847 3778 919 3844 illas
934 3778 1120 3862 tractandas
1138 3777 1339 3854 accedamus

218 3879 496 3964 operaepretium
519 3889 568 3944 est
591 3902 762 3967 quaerere,
796 3903 955 3967 quaenam
978 3883 1041 3945 sint
1063 3903 1214 3945 versuum
1237 3880 1338 3954 sedes,

217 3980 251 4043 in
274 3980 391 4065 quibus
413 3988 565 4046 numerus
594 3982 727 4069 pluralis
757 3983 947 4071 plerumque
977 3983 1104 4067 legitur.
1155 3983 1271 4047 Exstat
1300 3983 1339 4048 de

286 4319 308 4385 ²)
328 4317 371 4372 De
390 4317 493 4371 Zenod.
518 4320 612 4373 studd.
631 4319 711 4374 Hom.
728 4319 808 4372 Gott.
828 4321 902 4374 1848.
921 4338 947 4388 p.
967 4321 1006 4373 77.

287 4407 308 4471 ³)
327 4404 407 4457 Hom.
426 4404 563 4458 Tenthrit.
582 4422 609 4472 p.
629 4406 685 4458 383.
