3098 4988
753 353 792 413 35

169 617 175 625 Ι,
213 538 399 623 praeteriri,
430 536 565 600 dicimus
594 537 688 615 hanc,
714 539 846 625 reperiri
871 545 989 600 certam
1014 535 1176 622 quandam
1199 536 1231 597 in
1255 536 1336 597 eius-

133 650 136 655 ’
213 639 299 702 modi
321 637 499 724 pluralibus
523 639 716 706 adhibendis
731 641 982 705 concinnitatem
998 637 1050 702 vel
1066 638 1334 712 convenientiam,

159 811 161 813 .
213 749 250 805 ut
271 743 317 804 ita
340 739 495 813 dicamus,
519 742 558 804 de
582 765 646 827 qua
668 742 824 807 habemus
848 742 936 804 haec.

298 841 481 906 Mirandum
505 843 589 905 enim
614 854 662 907 est
683 846 822 931 primum
845 841 1016 928 pluralium
1039 841 1166 905 illorum
1183 841 1336 903 maiorem

214 967 382 1008 numerum
404 944 560 1029 praebere
583 944 701 1011 formas
724 947 850 1031 generis
862 944 992 1031 passivi,
1016 942 1131 1006 deinde
1146 941 1260 1005 harum
1275 942 1335 1006 for-

132 1082 135 1087 ·
213 1069 336 1111 marum
359 1047 560 1131 passivarum
577 1058 682 1112 certas
699 1049 855 1135 quasdam
872 1069 1003 1110 numero
1018 1044 1214 1130 praevalere.
1244 1043 1335 1123 Quae

57 1136 61 1147 ,
216 1148 347 1236 quidem
370 1149 478 1212 omnia
499 1148 699 1213 illustrentur
721 1150 791 1224 hac,
815 1171 897 1236 quae
920 1149 1064 1234 sequitur
1087 1145 1214 1211 tabula:

215 1308 241 1366 1.
265 1303 425 1366 Numerus
447 1300 621 1365 formarum
643 1304 800 1389 passivar.
823 1312 872 1367 est
894 1325 934 1350 =
958 1305 1006 1364 32.

214 1409 242 1468 2.
331 1454 348 1478 ,‚
524 1457 539 1480 ‚,
647 1407 778 1470 activar.
839 1456 856 1479 ‚‚
896 1430 933 1453 ε
978 1408 1004 1465 9.

214 1510 241 1570 3.
263 1505 476 1570 Inveniuntur
499 1505 648 1591 exempla
669 1506 791 1571 formae

322 1624 326 1628 ’
626 1608 770 1671 πέλονται
795 1643 832 1650 -
856 1631 871 1670 0
894 1633 934 1656 Ξ
978 1612 1004 1671 6.

626 1703 809 1791 τετεύχαται
896 1734 935 1758 ==
979 1716 1007 1772 4.

629 1810 764 1893 ἐγένοντο
894 1836 933 1860 =
978 1814 1005 1874 3.

299 1965 427 2046 Quare
451 1974 701 2029 commemorata
723 1975 923 2030 transeamus
946 1964 987 2028 ad
1010 1963 1142 2028 alteram
1166 1961 1308 2027 classem.

267 2136 299 2211 b)
335 2135 568 2200 Fluctuant
597 2137 771 2199 maxime
802 2135 903 2199 libri
933 2135 1211 2219 manuscripti
1240 2134 1281 2196 in

646 2238 901 2322 praeteritis.

299 2373 359 2438 Oui
383 2372 477 2437 classi
501 2373 712 2460 supponenda
734 2384 808 2437 sunt
831 2373 910 2436 haec
934 2373 1095 2458 exempla:

418 2480 459 2551 1¹»,
486 2479 530 2552 10,
554 2482 603 2550 11,
630 2480 676 2551 12,
702 2481 749 2551 17,
773 2479 823 2552 40,
847 2478 895 2548 46,
918 2478 966 2550 53,
990 2479 1038 2552 71,
1063 2477 1112 2538 81.

300 2576 393 2640 Haec
423 2576 586 2663 exempla,
614 2580 646 2641 in
677 2577 794 2664 quibus
817 2577 965 2642 omnibus
989 2578 1117 2641 diversa
1139 2577 1179 2640 de
1201 2599 1334 2642 numero

216 2679 309 2742 nobis
333 2678 451 2742 tradita
473 2688 548 2742 sunt
569 2713 611 2723 —
634 2703 716 2767 quae
740 2681 870 2766 quidem
901 2680 1118 2765 discrepantia
1147 2678 1270 2742 recedit
1292 2677 1334 2742 ad

214 2780 395 2846 Aristarchi
418 2790 449 2844 et
460 2781 618 2847 Zenodoti
641 2783 680 2847 de
703 2782 764 2845 hac
786 2805 820 2847 re
845 2782 1076 2846 dissensionem
1093 2816 1130 2823 —
1148 2803 1212 2844 non
1228 2781 1333 2843 minus

214 2906 310 2970 quam
333 2882 388 2946 illa
410 2884 504 2948 modo
526 2893 665 2949 tractata
687 2884 845 2971 praebent
867 2883 988 2970 aliquid
1011 2884 1165 2947 memoria
1188 2883 1334 2966 dignissi-

213 3009 308 3049 mum.
337 2985 483 3049 Primum
505 2988 590 3050 enim
613 2989 721 3052 omnia
742 2986 897 3050 exhibent
919 2986 1099 3072 imperfecti
1121 2987 1245 3049 numeri
1266 2984 1334 3071 plu·

212 3087 287 3151 ralis
310 3089 438 3152 tertiam
461 3110 631 3173 personam
654 3092 687 3152 in
710 3088 763 3167 ,or‘
786 3099 974 3162 exeuntem,
998 3111 1061 3152 uno
1084 3096 1235 3173 excepto,
1260 3090 1332 3162 121³,

214 3192 245 3251 in
276 3211 337 3276 quo
367 3188 484 3273 legitur
514 3190 618 3254 forma
648 3186 775 3275 ,ἤιξανᾟ
807 3201 876 3255 tum
898 3191 948 3254 his
970 3213 1097 3278 quoque
1120 3192 1153 3253 in
1175 3189 1332 3275 exemplis

214 3290 377 3356 observari
404 3303 511 3379 potest
540 3294 738 3357 concinnitas
774 3292 829 3357 illa
857 3295 922 3356 iam
951 3315 1047 3378 supra
1076 3301 1332 3356 commemorata.

213 3394 296 3458 Nam
320 3393 432 3458 decem
454 3381 580 3460 illorum
603 3395 823 3481 exemplorum
846 3394 1018 3481 praebent:

671 3501 689 3560 3
734 3497 859 3580 ἔμελλον

670 3604 688 3662 2
733 3599 833 3677 πέσον,

213 3723 311 3786 quum
333 3700 457 3788 reliqua
477 3701 578 3766 verba
601 3701 737 3786 singulis
751 3702 829 3766 locis
847 3701 1005 3787 legantur.
1035 3700 1160 3782 Quibus
1175 3703 1209 3764 in
1224 3723 1330 3765 exem·

212 3802 273 3888 plis
296 3813 403 3866 utrum
426 3826 511 3875 vere,
535 3813 571 3867 ut
582 3804 789 3868 Aristarchus
812 3806 879 3868 sine
903 3802 1001 3869 dubio
1023 3803 1174 3888 analogia
1196 3802 1330 3867 aliorum

196 3904 383 3991 pluralium
405 3915 584 3991 permotus,
614 3908 797 3982 iudicabat,
825 3929 976 3970 numerus
998 3905 1146 3993 pluralis,
1169 3928 1224 3980 an,
1247 3928 1329 3992 quae

211 4016 281 4071 erat
294 4007 452 4072 Zenodoti
474 4010 641 4084 sententia,
664 4008 836 4093 singularis
851 4011 892 4072 sit
906 4007 1070 4091 legendus,
1086 4018 1194 4073 nostro
1210 4008 1329 4072 iudicio

210 4131 305 4174 nemo
333 4131 392 4195 pro
422 4123 509 4173 certo
538 4113 656 4196 poterit
686 4110 870 4175 diiudicare.
922 4112 1058 4176 Formae
1081 4113 1167 4175 enim
1188 4109 1329 4196 plurales

210 4211 283 4276 illae
306 4213 391 4275 inter
412 4210 644 4296 rhapsodorum
666 4215 869 4278 recitationes
884 4212 1035 4277 facillime
1050 4216 1166 4277 mutari
1181 4223 1330 4298 poterant

213 4317 258 4377 in·
274 4313 455 4398 singulares
484 4315 517 4376 in
548 4315 640 4392 ,—-er‘
664 4326 828 4380 exeuntes.
872 4314 1078 4380 Aristarchus
1107 4339 1199 4394 vero,
1229 4339 1327 4403 quum

212 4415 389 4502 exemplis,
418 4426 454 4480 ut
483 4415 544 4494 ,σέο
567 4417 592 4480 δ’
615 4416 651 4480 ἐκ
671 4412 747 4482 τάδε
769 4413 872 4481 πάντα
894 4417 1048 4482 πέλονταιι
1076 4418 1147 4483 aliis
1169 4418 1327 4483 similibus

315 4533 318 4538 .
1087 4518 1121 4568 3*
