3098 4988
594 1024 744 1135 Pars
790 1024 978 1162 prior,

226 1265 494 1346 praefationem
525 1266 563 1331 et
595 1264 765 1345 exempla
797 1264 988 1330 continens
1018 1264 1197 1346 disposita
1229 1265 1343 1330 variis

465 1384 687 1451 lectionibus
710 1383 933 1462 scholiisque
956 1383 1105 1448 additis.

238 1636 241 1640 Ι
309 1558 427 1621 Nostra
449 1567 554 1621 aetate
577 1558 604 1620 si
627 1557 697 1643 quis
720 1555 761 1618 ad
782 1555 970 1620 Homericus
994 1557 1194 1642 quaestiones
1218 1556 1343 1620 accedit
1421 1556 1423 1561 ’

224 1658 418 1732 tractandas,
441 1660 503 1722 viri
518 1658 604 1723 docti
627 1657 807 1744 suspicione
824 1658 963 1742 quadam
984 1657 1099 1721 imbuti
1121 1660 1224 1742 magis
1247 1681 1342 1744 quam

224 1759 302 1825 alias
331 1761 446 1825 attenti
475 1770 562 1838 sunt,
592 1760 673 1847 quiri
699 1782 774 1823 nam
803 1760 879 1823 novi
905 1759 958 1823 ille
985 1762 1204 1845 propositurus
1234 1761 1275 1823 sit
1303 1759 1342 1824 de

224 1863 409 1949 quaestione
437 1862 494 1927 illa
524 1863 647 1927 famosa
675 1862 741 1926 fere
770 1861 874 1944 magis
905 1884 1000 1947 quam
1029 1861 1209 1948 praeclara,
1246 1884 1342 1947 quam

225 1963 428 2029 Godofredus
440 1964 670 2050 Bernhardyus
693 1965 853 2027 nescimus
869 1985 931 2048 quo
947 1963 1017 2029 loco
1033 1975 1157 2050 pestem
1172 1963 1342 2050 quandam,

225 2065 452 2152 ‚‚Landplage“
486 2067 672 2131 nominavit.
725 2066 816 2146 Quae
847 2067 985 2151 suspicio
1015 2069 1160 2152 quamvis
1189 2068 1272 2129 iusta
1301 2064 1343 2127 sit

224 2167 263 2231 de
287 2168 529 2255 quaestionibus
552 2168 615 2232 illis
638 2169 679 2232 ad
702 2179 804 2233 artem
827 2169 971 2232 criticam
993 2167 1138 2233 altiorem
1154 2191 1250 2255 quam
1266 2166 1341 2230 dici-

221 2293 292 2333 mus
320 2268 574 2356 pertinentibus,
614 2270 692 2334 illud
728 2280 836 2335 tamen
866 2262 949 2333 inter
977 2293 1087 2334 omnes
1116 2271 1201 2335 viros
1231 2269 1341 2333 doctos

222 2381 355 2449 constat,
377 2372 620 2438 observationes
643 2372 682 2436 de
706 2373 877 2438 verborum
897 2373 1142 2437 Homericorum
1165 2373 1286 2455 origine
1309 2381 1342 2434 et

222 2473 412 2539 formatione
441 2497 504 2539 non
535 2477 640 2538 minus
668 2475 827 2561 quamde
850 2476 1339 2539 constructionesententiarum

226 2575 458 2661 disputationes
491 2579 606 2641 summi
640 2600 709 2641 esse
742 2579 894 2640 momenti
927 2577 967 2639 ad
1002 2578 1221 2663 quaestionem
1252 2574 1340 2638 illam

224 2677 435 2764 principalem
461 2678 652 2762 augendam.
696 2679 768 2760 Qua
797 2679 836 2742 de
860 2701 956 2742 causa
986 2701 1048 2742 non
1080 2677 1250 2740 defuerunt
1278 2677 1340 2740 viri

223 2777 484 2869 praeclarissimi,
513 2783 582 2867 qui,
610 2790 647 2846 ut
669 2781 855 2856 Bekkerus‚
879 2781 1045 2856 Lchrsius‚
1067 2779 1244 2844 Larochius
1267 2781 1341 2842 scri·

222 2881 337 2945 herent
366 2881 467 2946 multa
497 2893 593 2970 atque
616 2884 812 2970 praestantia
843 2884 882 2947 de
910 2891 1020 2946 textus
1049 2882 1151 2946 forma
1178 2882 1340 2969 primaria,

222 2984 263 3047 de
288 2984 467 3048 Aristarchi
490 2984 620 3061 studiis,
654 2986 693 3050 de
718 2985 822 3050 hiatus
845 2984 971 3069 legibus
994 2983 1058 3048 alia
1079 2984 1187 3048 multa.
1232 2985 1338 3047 Minus

221 3095 329 3150 tamen
359 3085 465 3150 adhuc
495 3087 729 3174 inquisiverunt
761 3088 820 3150 viri
843 3088 928 3151 docti
949 3089 982 3150 in
1005 3110 1055 3150 res
1078 3087 1273 3173 syntacticas
1296 3086 1337 3149 ad

222 3189 397 3253 Homerum
420 3191 625 3275 pertinentes,
648 3191 753 3254 minus
776 3190 919 3265 dicimus,
943 3211 1005 3253 non
1028 3189 1115 3252 nihil.
1148 3188 1228 3269 Quis
1251 3189 1336 3251 enim

221 3293 313 3376 parvi
328 3291 504 3355 aestimarit
518 3292 699 3377 praeclaras
715 3292 786 3357 illas
802 3291 1042 3356 observationes
1058 3290 1098 3354 de
1115 3312 1174 3353 usu
1186 3289 1337 3378 loquendi

224 3391 395 3457 Homerico
418 3395 552 3480 scriptas
575 3417 595 3459 a
615 3394 740 3459 Joanne
765 3394 941 3460 Classeno?
955 3392 976 3470 ¹)
1006 3393 1059 3458 vel
1081 3391 1224 3456 libellum
1246 3390 1335 3456 illum

222 3494 262 3558 de
285 3496 517 3561 coniunctionis
540 3495 574 3558 ci
595 3518 655 3559 usu
678 3497 851 3561 Homerico
874 3497 1075 3561 aLudovico
1090 3495 1215 3579 Langio
1238 3496 1336 3582 scrip-

221 3606 297 3661 tum.
340 3599 493 3663 Attamen
507 3599 727 3686 unusquisque
743 3599 791 3662 his
814 3600 847 3662 in
869 3597 965 3661 rebus
988 3610 1132 3662 versatus
1154 3598 1214 3662 hoc
1236 3621 1335 3663 unum

220 3699 313 3763 nobis
342 3700 497 3765 concedet
525 3703 729 3787 quaestiones
758 3703 967 3787 syntecticas‚
996 3700 1168 3786 praecipue
1199 3700 1240 3763 ad
1271 3700 1335 3765 Ho-

221 3823 343 3865 merum
364 3803 561 3889 pertinentes
584 3803 684 3869 multo
706 3806 827 3869 minore
850 3826 947 3890 quam
970 3801 1144 3889 optandum
1167 3802 1208 3865 sit
1230 3801 1335 3866 studio

220 3925 290 3967 esse
321 3902 431 3968 cultas.
487 3905 632 3986 Quarum
669 3907 889 3992 quaestionam
921 3915 969 3969 est
1005 3901 1074 3981 illa,
1111 3926 1192 3990 quae
1229 3903 1334 3968 adhuc

220 4028 414 4093 quamquam
459 4029 478 4071 a
520 4006 681 4071 nonnullis
731 4009 808 4073 viris
858 4008 960 4073 doctis
1011 4006 1177 4072 occasione
1225 4005 1334 4070 oblata

218 4116 358 4173 tractata
379 4121 486 4173 tamen
506 4108 628 4174 anullo
644 4110 684 4174 ad
698 4111 855 4198 liquidum
871 4110 1027 4197 perducta
1038 4118 1095 4186 est,
1110 4131 1182 4173 eam
1198 4108 1333 4172 dicimus

289 4347 309 4408 ¹)
328 4346 562 4413 Bcobachtnngen
582 4347 652 4398 iiber
672 4347 724 4398 den
742 4346 847 4400 homer.
867 4343 1053 4415 Sprachgebr.
1069 4318 1187 4397 Franks.
1206 4361 1230 4398 a.
1248 4345 1331 4409 Maio,

219 4430 292 4484 teor.
