3098 4988
686 421 749 428 --.--
761 420 804 427 ,-..
870 420 885 427 —

797 453 801 461 ο

310 521 450 596 Quodsi
474 519 739 605 Bernhardyus³l
771 543 842 585 earn
872 520 924 587 ob⁴
944 543 1075 584 causam
1104 542 1196 584 usum
1224 523 1268 585 ita
1291 544 1345 583 ex-

224 623 416 689 uanandum
438 644 508 686 esse
532 632 657 698 censet,
680 631 717 687 ut
738 644 895 709 ponamus
918 624 1188 688 constructionem
1212 632 1340 688 neutro·

224 747 300 811 pum
308 725 478 812 pluralium
491 747 564 788 cum
578 723 686 789 verbis
701 722 917 807 singularibus
934 724 1106 788 deductam
1116 747 1186 788 esse
1202 747 1219 788 e
1233 748 1346 790 norma

222 826 374 914 loquendi
398 827 536 914 quadarn
559 829 592 891 in
614 824 760 912 politiore
783 826 960 901 atticismo,
992 828 1046 912 qui
1068 826 1201 901 dicitur,
1230 829 1345 891 consti·

224 928 325 1004 tuta⁴l
349 939 382 994 et
408 931 436 992 si
466 929 557 994 addit
586 928 762 992 sententiae
792 927 871 1003 hoc,
902 927 989 1014 apud
1019 928 1114 992 Ionas
1144 928 1212 991 sine
1243 929 1341 994 dubio

222 1030 440 1117 praevaluisse
462 1052 631 1095 numerum
653 1028 810 1115 pluralem
824 1032 1012 1095 -omnino
1035 1027 1266 1117 improbandus
1287 1041 1344 1095 est.

223 1132 293 1196 Viri
316 1133 401 1198 enim
417 1132 594 1198 doctissimi
610 1132 763 1195 iudicium
776 1153 943 1194 numerum
953 1132 1112 1218 pluralem
1124 1132 1343 1218 praevaluisse
1423 1183 1425 1189 ,

223 1236 309 1322 apud
323 1235 429 1308 Ionas,
452 1256 529 1299 vero
544 1234 617 1297 usui
631 1256 696 1298 non
710 1233 892 1319 respondet,
910 1234 996 1319 quod
1009 1234 1139 1320 quidem
1155 1234 1239 1298 infra
1250 1256 1344 1318 argu·

224 1339 339 1402 mentis
361 1336 564 1423 probandum
581 1337 655 1431 prit.
1312 1410 1315 1417 Ι

308 1440 377 1505 Iam
400 1438 570 1502 audiamus
591 1434 749 1500 Matthiae
760 1435 783 1528 ⁵)
813 1436 930 1501 de-illo
952 1460 1012 1501 usu
1035 1438 1235 1502 sententiam.
1280 1438 1345 1519 Qui

224 1543 273 1605 vir
296 1541 409 1606 doctus
440 1539 519 1603 illud
550 1562 627 1625 sane
657 1549 743 1603 recte
772 1550 959 1625 perceptum
988 1542 1169 1627 proposuit,
1201 1538 1344 1604 Graecos

222 1665 377 1730 persaepe
393 1642 502 1729 plures
515 1664 566 1704 res
580 1662 712 1706 numero
721 1640 838 1726 plurali
849 1650 975 1706 notatas
989 1643 1183 1728 acciperent
1199 1663 1343 1706 meram

224 1747 404 1831 copiam;
436 1745 484 1808 sin
516 1752 623 1806 autem
644 1744 691 1807 ita
711 1745 831 1829 pergit,
862 1752 898 1806 ut
920 1743 1022 1820 dicat,
1052 1745 1116 1808 iam
1139 1767 1158 1808 a
1179 1744 1343 1809 veteribus

224 1846 432 1933 scriptoribus
454 1844 542 1909 illam
564 1844 671 1927 legem
694 1879 733 1888 —
756 1867 925 1909 numerum
954 1844 1150 1930 singularem
1178 1845 1269 1909 verbi
1293 1868 1343 1910 su·

224 1949 338 2032 biungi
347 1948 484 2012 nominis
494 1968 627 2011 numero
641 1946 759 2033 plurali
823 1969 892 2010 esse
908 1946 1029 2011 laesam
1038 1944 1074 2023 θ),
1086 1957 1228 2033 apparet,
1240 1971 1344 2032 gram-

225 2052 375 2114 maticum
411 2049 500 2114 illum
538 2058 573 2111 ut
610 2047 852 2130 legumlatorem
889 2050 980 2135 quasi
1017 2049 1178 2135 quendam
1214 2049 1344 2133 linguae

224 2163 364 2217 statuere
394 2173 539 2216 normam
568 2150 676 2214 fixam.
735 2150 817 2246 Non·
836 2160 942 2215 autem
972 2153 1040 2215 sine
1071 2151 1170 2216 dubio
1187 2162 1344 2217 nostrum

224 2263 288 2329 est,
312 2254 400 2338 leges
423 2253 522 2329 ferre,
558 2251 674 2338 quibus
696 2251 825 2335 linguae
849 2274 925 2316 usus
948 2253 1118 2337 dirigatur,
1147 2255 1244 2317 immo
1267 2275 1343 2318 vero

224 2355 303 2420 illud
325 2379 452 2442 semper
473 2354 711 2440 respiciendum
734 2364 798 2430 est,
822 2355 939 2440 quibus
967 2355 1146 2420 rationibus
1175 2356 1207 2419 in
1232 2355 1344 2439 lingua

223 2461 295 2544 ipsa
324 2459 365 2523 ab
395 2458 484 2522 initio
513 2456 603 2540 leges
626 2456 689 2520 alia
710 2466 783 2542 post
806 2456 901 2520 aliam
924 2449 1190 2522 constitueram
1226 2456 1342 2521 Melius

228 2561 326 2642 igitur
355 2559 448 2624 nobis
469 2582 536 2622 rem
560 2558 749 2623 observasse
779 2559 907 2623 videtur
934 2557 1107 2638 Rostiusll).
1163 2559 1344 2642 Distinguit

228 2663 314 2727 enim
337 2663 386 2726 vir
407 2659 460 2725 ille
482 2660 596 2725 doctus
619 2660 782 2746 exempla,
813 2662 846 2725 in
876 2662 993 2747 qnibus
1023 2662 1143 2725 neutris
1164 2660 1343 2746 pluralibus

226 2765 466 2849 subiunguntur
486 2762 623 2849 pluralia
645 2762 694 2825 his
716 2763 909 2828 rationibus:
947 2764 977 2837 a)
1008 2762 1042 2828 Si
1071 2770 1185 2826 neutra
1205 2761 1343 2848 pluralia

225 2866 408 2952 significant
429 2866 605 2930 animantia
627 2865 803 2952 quaedam3
827 2865 861 2941 b)
886 2865 921 2930 si
942 2887 992 2928 res
1007 2864 1154 2949 singulae
1170 2874 1342 2951 apparent;

225 2969 254 3043 c)
280 2967 313 3033 Si
336 2968 542 3033 condiciones
565 2966 617 3031 vel
633 2975 735 3031 status
751 2968 1016 3045 demonstrantur,
1039 2970 1095 3055 qui
1114 2968 1250 3033 diversis
1263 2965 1342 3031 locis

224 3081 257 3134 et
279 3070 416 3135 diversis
438 3070 637 3156 temporibus
659 3069 873 3134 inveniuntur.
911 3070 985 3151 Qua
1008 3071 1210 3135 distinctione
1232 3093 1342 3156 quam-

224 3195 321 3259 quam
349 3194 402 3236 res
429 3195 495 3237 non
524 3171 711 3257 profligata,
747 3182 780 3235 at
808 3180 894 3236 certe
923 3171 1002 3236 illud
1033 3173 1181 3237 effectum
1211 3181 1276 3247 est,
1306 3181 1342 3235 ut

224 3275 429 3358 intellegatur
457 3295 551 3338 usum
581 3272 670 3338 illum
700 3274 938 3338 accuratissime
968 3297 1037 3339 esse
1065 3275 1277 3340 tractandum.
1299 3307 1340 3318 —

224 3376 292 3442 Iam
309 3377 482 3453 ,veniamus
506 3376 545 3440 ad
562 3376 730 3439 Kuehneri
740 3373 764 3451 ⁸)
780 3375 933 3439 iudicium
950 3376 990 3441 de
1006 3376 1065 3441 hac
1080 3399 1122 3454 re,
1140 3378 1195 3464 qui
1209 3376 1340 3463 quidem

292 3547 313 3610 ³)
332 3544 364 3597 G.
384 3543 558 3610 Bernhardy,
576 3542 799 3594 Wissenschaftl.
819 3543 934 3609 Syntax,
952 3543 1024 3595 Berl.
1043 3544 1116 3597 1829.
1135 3562 1160 3610 p.
1180 3546 1237 3596 418.

291 3633 311 3695 ⁴)
332 3630 428 3682 Verba
456 3628 516 3680 eius
547 3633 611 3680 sunt
640 3629 721 3680 haec:
840 3643 871 3678 so
901 3629 997 3681 deutet
1021 3629 1093 3681 doch
1117 3628 1168 3681 der
1191 3628 1339 3682 Gabrauch

223 3717 357 3769 vielmehr
378 3716 428 3779 auf
452 3714 513 3767 eine
536 3712 636 3774 Norm‚
661 3713 766 3765 welche
790 3728 839 3764 aus
864 3714 927 3765 dem
945 3713 1072 3766 feineren
1090 3714 1151 3765 Ton
1170 3714 1220 3766 des
1239 3713 1339 3780 gesell-

223 3801 405 3855 schaftlichen
423 3799 588 3852 Atticismus
607 3804 768 3865 entsprang.

292 3886 470 3949 ⁵)Ausft'1hrl.
489 3885 610 3936 Gramm.
629 3884 655 3937 d.
675 3884 780 3950 griech.
799 3884 861 3950 Spr.
897 3886 913 3950 ᾗ
932 3885 988 3936 300.

291 3975 311 4035 ⁶)
332 3970 422 4024 Dicit:
461 3967 582 4031 „Dieser
601 3969 851 4036 Sprachgebrauch
874 3969 946 4022 wird
969 3969 1102 4022 indessen
1119 3968 1195 4021 nicht
1213 3984 1265 4020 nur
1283 3986 1338 4021 von

223 4060 276 4110 den
295 4057 400 4108 tlteren
424 4055 645 4108 Schriftstellern
668 4056 705 4106 im
729 4055 783 4108 ion.
808 4055 863 4106 und
888 4055 947 4105 dor.
972 4054 1094 4118 Dialect,
1121 4055 1243 4106 sondern
1267 4057 1337 4107 auch

222 4157 277 4195 von
297 4143 351 4194 den
369 4141 497 4193 Attikern
517 4142 557 4192 oft
575 4143 808 4193 ubertreten.“

161 4281 168 4293 ,
258 4294 263 4303 ι
292 4224 969 4294 ⁷)Scbulgrammat.d.griech.Sprach01844.
1006 4228 1098 4292 §rsa
1117 4225 1141 4278 2.
1160 4241 1182 4275 c.
1200 4230 1294 4277 annot.

290 4333 311 4392 ⁸)
329 4329 567 4397 Raph.Kuehner‚
582 4330 720 4381 Ausftihrl.
732 4329 882 4381 Grammat.
903 4330 928 4380 d.
947 4329 1051 4397 griech.
1064 4329 1195 4395 Sprache.
1215 4328 1335 4396 arnul,

218 4432 248 4481 p.
265 4417 324 4471 424.
