3098 4988
681 330 856 420 .-ἐξ

423 515 512 591 „Das
536 514 631 579 Wort
653 516 698 578 sie
722 514 822 578 sollen
845 514 951 579 lassen
976 514 1113 579 stahn:

419 718 473 784 Sic
496 719 568 782 sind
590 717 643 782 bei
667 742 727 783 uns
751 720 811 783 wol
834 719 893 783 aul
911 718 985 783 dem
1007 719 1180 795 Plan..“,

216 822 272 886 ubi
294 819 456 898 „sta'hn“
472 830 653 907 pronastro
671 821 832 895 ‚‚stehn“
850 823 1006 886 retinetur
1023 820 1183 887 vocabulo
1200 821 1339 912 „Plan“

216 925 420 999 consonanti,
451 945 549 1011 quum
572 922 655 987 aliae
678 922 800 987 formae
823 946 840 987 e
863 933 972 987 nostro
994 923 1146 1010 loquendi
1168 945 1255 987 more
1277 925 1341 987 sint

216 1027 368 1104 variatae.
412 1025 458 1090 Ut
479 1035 588 1089 tamen
611 1024 653 1090 ad
676 1025 855 1090 Homerum
877 1024 1063 1100 redeamus,
1093 1023 1249 1089 habemus
1272 1027 1341 1090 eius

106 1181 111 1189 .
217 1122 304 1192 modi
326 1128 480 1193 formulas
502 1127 585 1191 fixas
607 1128 804 1215 iteratasque
827 1127 895 1202 has,
919 1149 1002 1215 quae
1025 1136 1219 1214 sequuntur:

460 1233 536 1304 13¹³,
561 1232 617 1305 14,
643 1233 701 1307 16,
724 1233 782 1306 26,
805 1231 863 1306 28,
889 1233 947 1306 33,
971 1232 1029 1305 39,
1052 1233 1102 1293 45.

302 1334 374 1415 Qua
396 1333 519 1397 ratione
542 1332 638 1396 modo
653 1330 812 1396 illustrata
826 1355 890 1395 non
907 1333 1014 1395 omnia
1028 1330 1166 1417 pluralia
1181 1331 1341 1418 explicari

215 1458 309 1522 posse
338 1434 426 1499 haud
455 1436 648 1518 ignoramus.
694 1433 888 1498 Studeamus
916 1435 1015 1518 igitur
1042 1432 1122 1498 alias
1144 1434 1341 1517 investigare

215 1539 528 1603 rationes'naturam
551 1534 772 1622 exemplorum
793 1536 898 1618 magis
921 1536 1111 1621 aperientes.

344 1791 374 1860 ΙΙ.
397 1790 643 1860 commendatur
666 1787 796 1870 pluralis
819 1789 996 1858 renonibus
1012 1787 1220 1873 'syntecticis

301 1947 407 2028 Quam
430 1949 462 2011 in
485 1938 552 2011 rem
575 1948 693 2033 optime
717 1946 933 2033 inquiremus,
956 1946 983 2008 si
1004 1947 1143 2031 primum
1167 1967 1205 2009 ea
1227 1955 1342 2011 tracta-

216 2073 286 2114 mus
316 2049 482 2136 exempla‚
514 2071 596 2136 quae
626 2047 722 2112 facile
751 2046 929 2112 rationibus
951 2046 1070 2110 talibus
1093 2045 1340 2131 subiunguntur,

215 2163 284 2219 tum
307 2175 353 2229 ea,
376 2175 458 2240 quae
482 2153 587 2215 minus
611 2150 692 2215 bene
716 2151 762 2213 eis
785 2172 855 2214 sese
871 2147 1091 2213 accomodant.
1127 2149 1240 2234 Itaque
1257 2159 1341 2213 tran-

216 2278 343 2320 scamus
365 2255 408 2319 ad
430 2255 570 2318 rationes
594 2251 747 2336 singulas.

213 2428 243 2500 a)
266 2422 453 2489 Pluralis
480 2424 691 2512 sequitur,
715 2424 750 2487 si
773 2421 1006 2486 subiectum
1029 2421 1251 2506 significat
1274 2422 1338 2486 vel

320 2524 530 2589 hominum
552 2525 618 2590 vel
641 2525 885 2590 animalium
909 2523 1233 2589 multitudinem.

301 2661 362 2725 Cui
384 2660 501 2724 rationi
523 2656 730 2726 attribuenda
752 2671 843 2726 sunt:

107 2773 111 2776 ’
216 2767 259 2827 2¹³.
283 2758 417 2843 (ἔῖῑνεα),
441 2766 469 2826 6.
493 2756 630 2844 (thoros),
653 2769 679 2826 7.
704 2758 870 2844 (αἰπόλια),
895 2767 943 2828 19.
957 2756 1024 2839 (ὄις,
1040 2757 1148 2844 τά·..),
1165 2767 1213 2828 22.
1230 2758 1340 2831 (thasos

314 2893 316 2897 ·
355 2864 477 2944 πεζῶν),
502 2868 552 2931 72.
576 2860 674 2952 (urium
695 2866 813 2943 τέκνα),
836 2869 884 2931 80.
908 2865 987 2948 (φῦλ’
1012 2858 1208 2947 ἀνῗῖρώπων).

299 2968 362 3049 Qui
392 2990 469 3032 usus
499 2967 639 3033 subiecti
669 2969 737 3032 eius
760 2969 889 3054 generis
911 2991 985 3032 cum
1007 2967 1107 3032 verbo
1129 2966 1245 3053 plurali
1267 2991 1340 3032 con·

214 3069 370 3155 iungendi
402 3073 531 3136 omnino
561 3071 641 3135 nihil
663 3093 742 3157 prae
765 3093 799 3135 se
821 3071 884 3137 fert
905 3071 988 3135 novi.
1033 3068 1140 3150 Quum
1162 3070 1247 3134 enim
1270 3070 1340 3135 aliis

214 3172 399 3236 nominibus
421 3183 571 3237 neutrum
594 3172 719 3260 plurale
742 3173 901 3258 significet
915 3173 962 3236 rei
977 3170 1112 3236 alicuius
1128 3173 1262 3258 copiam,
1279 3172 1339 3250 his,

215 3296 298 3360 quae
321 3275 385 3337 iarn
409 3283 597 3352 tractantur,
619 3297 776 3362 personae
792 3274 844 3340 vel
859 3273 1011 3339 animalia
1028 3282 1186 3351 notantur,
1203 3297 1338 3362 quorum

213 3397 271 3461 per
300 3397 334 3439 se
364 3376 513 3463 quodque
543 3388 650 3464 potest
677 3377 830 3462 intellegi.
892 3376 1109 3458 Quamobrem
1140 3397 1204 3440 non
1235 3378 1338 3442 solum

214 3477 301 3563 apud
324 3478 517 3557 Homerum,
540 3473 653 3544 verum
676 3481 772 3545 etiam
795 3481 882 3566 apud
905 3500 1018 3566 prosae
1041 3477 1229 3562 scriptores,
1253 3480 1338 3567 apud

215 3580 451 3665 Thucydidem,
474 3582 734 3669 Xenophontem,
757 3581 939 3656 Platonem,
962 3581 1171 3643 inveniuntur
1192 3582 1261 3645 eius
1284 3605 1338 3666 ge·

215 3683 300 3745 neris
323 3681 468 3769 pluralia,
492 3706 589 3772 quam
612 3685 643 3748 in
667 3707 735 3748 rem
757 3684 820 3748 viri
843 3679 965 3756 docti⁶l
988 3682 1022 3744 in
1044 3681 1239 3746 editionibus
1262 3706 1282 3746 a
1304 3706 1338 3746 so

215 3785 336 3868 paratis
359 3785 604 3871 inquisiverunt.
634 3785 893 3851 commemorare
916 3785 995 3849 satis
1018 3784 1068 3859 sit,
1092 3784 1177 3869 apud
1191 3784 1337 3870 Thucyd.

284 3990 303 4050 ὅ)
323 3987 440 4036 Praeter
455 3987 566 4036 ceteros
585 3985 744 4038 nominandi
766 3989 845 4037 sunt:

218 4075 319 4138 Poppo,
339 4071 375 4121 ad
393 4069 520 4135 Thucyd.
540 4069 570 4132 1,
592 4071 647 4135 126,
666 4074 688 4124 5.

216 4160 259 4210 Fr.
278 4158 391 4220 Jacobs,
410 4155 446 4207 ud
464 4152 569 4220 Lysiae
588 4153 723 4207 Theomu.
740 4155 770 4212 1.,
791 4159 814 4206 l.

217 4246 400 4302 Schocmanm
420 4241 454 4291 ad
474 4238 584 4290 Isaeum
602 4239 659 4305 lx,
677 4243 701 4294 8.

217 4329 245 4379 C.
265 4327 428 4389 Schneider,
447 4325 482 4376 ad
500 4324 608 4379 Platon.
628 4325 712 4392 Rasp.
732 4326 761 4383 1..
780 4326 829 4375 353
848 4325 878 4375 B.

217 4413 293 4465 Rich.
312 4415 429 4473 Porson,
450 4412 486 4463 ad
504 4410 598 4476 Eurip.
618 4410 683 4463 Hec.
703 4411 776 4462 1141.
