3098 4988
216 477 301 541 illius
329 478 473 542 neutrius
501 476 633 563 pluralis
663 501 736 542 eum
758 479 858 543 verbo
881 476 1035 560 singulari
1057 476 1272 541 construendi.

215 580 328 665 Neque
358 580 679 665 praetermittendum
710 590 772 655 est,
810 580 999 643 dissensisse
1036 581 1119 643 inter
1148 601 1182 643 se
1214 587 1337 642 veteres

217 682 446 764 grammaticos
469 682 508 758 de
532 682 669 745 lectione
693 683 724 745 in
747 684 782 760 P,
806 685 876 746 680.
921 680 987 746 Αἰὶἰ
1011 682 1106 756 enim,
1136 692 1172 745 ut
1195 679 1339 766 scholion

216 782 491 870 dooetsquorum
522 806 563 847 ex
586 805 720 847 numero
743 792 813 848 erat
834 783 1057 856 Aristarchus,
1086 780 1218 845 ἴδοιτο
1247 804 1337 868 prae
1385 795 1390 804 ’

216 885 379 959 ferebant,
410 884 464 949 alii
487 881 589 948 ἴδοιο
619 885 822 949 referendum
846 886 887 949 ad
909 884 1092 949 Menelaum
1117 877 1337 968 (,οἰποστροφὴυ

215 982 307 1067 λύγου
337 981 413 1068 πρὶς
443 981 496 1050 τδυ
526 987 683 1077 Μενέλαον
707 980 767 1049 ἀπὸ
791 987 842 1049 τού
868 983 935 1068 περὶ
969 981 1060 1048 αύτού
1094 981 1216 1067 λόγου).
1261 987 1337 1050 Edi-

214 1104 299 1153 tores
322 1100 430 1153 autem
451 1091 568 1175 partim
590 1085 684 1151 ἴδοιτο
707 1100 906 1174 receperunt,
930 1098 965 1151 ut
981 1088 1249 1174 Spitznerus,
1266 1109 1335 1173 par·
1359 1175 1360 1178 Ἴ

138 1213 140 1218 ·
215 1192 271 1253 tim
296 1213 364 1254 rem
387 1190 584 1277 reliquerunt
606 1193 638 1253 in
663 1192 776 1263 dubio,
809 1201 845 1255 ut
873 1189 1108 1253 Laroohius
1137 1191 1170 1253 in
1198 1190 1337 1254 editione

214 1292 396 1356 scholarum
419 1295 452 1357 in
476 1316 568 1355 usum
592 1303 785 1379 comparata
833 1293 899 1357 Nos
922 1292 1052 1378 quidem
1076 1313 1174 1377 quum
1196 1314 1261 1356 non
1284 1290 1337 1354 ha-

214 1394 358 1467 beamus,
382 1395 467 1481 quod
490 1395 708 1480 improbemus
729 1393 910 1458 Aristarchi
937 1393 1108 1457 lectionem
1132 1392 1281 1476 analogia
1302 1392 1337 1455 il-

217 1494 319 1560 lorum
342 1491 424 1574 ,ύσοε
447 1495 633 1578 ἐκδέρκεται,
667 1489 780 1581 δεδήειζ
804 1496 1033 1571 confirmatam,
1056 1496 1132 1559 satis
1155 1494 1277 1560 dehac
1302 1517 1336 1557 re

215 1597 338 1662 dietum
358 1608 515 1684 putamus.

213 1767 244 1857 f)
261 1769 319 1831 De
335 1768 474 1832 tribus
491 1767 686 1831 versibus
703 1767 854 1832 dubiae
869 1768 1071 1831 lectionis
1087 1767 1335 1853 disputatur.

236 1910 237 1913 ’
299 1905 491 1991 Priusquam
521 1915 628 1969 autem
658 1905 753 1968 finem
788 1904 944 1968 faciamus
976 1904 1069 1967 huius
1100 1903 1335 1989 disputationis,

214 2006 403 2070 tractandae
427 2017 501 2070 sunt
523 2019 587 2070 tres
610 2006 764 2071 lectiones
788 2007 876 2070 vario
901 2006 994 2069 modo
1017 2007 1164 2069 traditae.
1192 2005 1337 2086 Quarum

214 2109 318 2193 prima
341 2118 447 2173 exstat
469 2111 501 2172 in
517 2111 558 2187 M,
582 2111 643 2172 286
660 2110 747 2184 (622),
770 2107 826 2172 ubi
841 2110 942 2171 verba
956 2108 1035 2170 haee
1052 2119 1126 2170 sunt
1141 2111 1171 2184 (e
1185 2108 1337 2173 Larochii

214 2210 261 2273 aa.
285 2210 363 2286 seu.)
997 2270 999 2274 ,
1357 2196 1360 2203 ’

883 2303 966 2374 ύίλλοί
987 2333 1022 2376 τε
1043 2306 1146 2375 πάντα

823 2410 977 2476 εἴλυται
999 2407 1180 2496 aattaept'
1196 2463 1215 2481 ⁴.
1238 2463 1244 2476 .

302 2515 438 2580 Tradita
474 2517 558 2580 enim
592 2526 667 2581 sunt
699 2528 730 2580 et
766 2512 884 2578 εἴλυται
915 2530 946 2578 et
962 2515 1093 2587 ,εἴλύται
1124 2525 1156 2579 et
1190 2512 1335 2594 εἰλύαται,

216 2640 314 2703 quum
337 2618 467 2703 quidem
489 2627 616 2682 veteres
639 2618 841 2704 grammatici
863 2618 946 2682 inter
978 2605 1012 2681 se
1041 2618 1255 2694 dissentirent,
1283 2622 1336 2696 ita,

218 2728 252 2782 ut
274 2718 328 2782 alii
354 2728 530 2785 statuerent
552 2729 752 2786 contractum
781 2741 850 2782 esse
874 2717 992 2783 εἰλύται
1014 2742 1057 2783 ex
1079 2712 1217 2784 εἰλύαται
1240 2755 1281 2765 --
1303 2723 1336 2785 id

215 2822 300 2906 quod
323 2820 411 2885 nullo
434 2821 529 2887 modo
552 2811 686 2887 concedi
708 2832 814 2907 potest
836 2856 873 2864 -
900 2823 952 2886 vel
976 2845 1018 2886 ex
1040 2815 1184 2899 εἴλύεται,
1205 2823 1260 2887 alii
1283 2825 1335 2889 des

212 2932 427 2988 monstrarent
461 2923 598 2989 formam
631 2921 751 2987 εἴλυται
789 2924 998 2988 derivandam
1040 2949 1060 2988 a
1093 2922 1192 2988 verbo
1224 2915 1333 3009 εἰλυμι.

212 3025 402 3089 Eustathius
425 3037 593 3113 utramque
615 3026 750 3091 formam
773 3037 806 3091 et
828 3025 945 3090 εἰλύται
968 3036 1000 3090 et
1023 3019 1162 3089 εἰλύαται
1190 3027 1333 3111 praebet.

213 3127 363 3192 Editores
392 3129 509 3214 partim
542 3138 734 3215 receperunt
769 3125 924 3206 εἰλύαται,
959 3139 992 3192 ut
1022 3128 1333 3214 Spitanerus¹²),

212 3232 328 3315 partim
359 3225 477 3293 εἴλυται
515 3228 692 3309 (fathures),
723 3241 758 3295 ut
788 3231 1006 3294 Bekkerus
1022 3230 1056 3305 ¹³)
1087 3239 1119 3293 et
1148 3230 1333 3295 Laroehius.

213 3332 279 3395 Nos
302 3331 433 3418 quidem
456 3329 612 3396 εἴλυται
640 3333 858 3420 praeferamus
883 3333 1011 3397 tertiam
1033 3354 1201 3417 personam
1226 3334 1334 3417 singu-

212 3432 287 3496 laris
317 3434 451 3518 perfecti
481 3437 601 3519 passivi
632 3434 841 3500 derivandam
872 3457 891 3496 a
921 3433 1021 3498 verbo
1051 3428 1135 3496 ε’λύυ.
1180 3435 1331 3498 Formam

213 3545 319 3599 autem
343 3528 489 3611 εἰλύαται
514 3539 660 3622 quamvis
684 3547 798 3600 natura
813 3547 845 3599 et
859 3537 1047 3600 formatione
1063 3536 1133 3621 ipsa
1148 3559 1211 3600 non
1227 3538 1331 3600 minus

212 3636 390 3721 probabilis
413 3641 455 3701 sit
476 3660 572 3725 quam
595 3634 730 3717 εἴλυται,
753 3639 812 3703 hoe
835 3639 904 3703 loeo
927 3636 1225 3724 improbaremus,
1248 3638 1330 3713 ideo,

214 3737 299 3823 quod
322 3761 472 3803 numerus
496 3738 668 3824 singularis
690 3740 750 3804 hae
774 3740 904 3827 quidem
927 3741 1088 3804 sententia
1109 3739 1209 3804 multo
1228 3741 1331 3825 aptior

213 3839 341 3903 videtur
362 3863 458 3928 quam
479 3841 619 3928 pluralis.

298 3942 367 4006 Iam
390 3944 557 4009 veniamus
580 3945 622 4009 ad
644 3945 780 4009 alterum
802 3944 918 4020 losum,
941 3964 969 4023 ο,
993 3946 1062 4020 238,
1086 3946 1160 4006 148·

563 4046 686 4111 λελύυτο

552 4149 670 4227 ,λελῦτο
693 4146 726 4213 δὲ
748 4154 818 4230 γυῖα
840 4144 987 4213 ε’κὰοτουῖ

285 4283 314 4342 ¹²)
332 4278 406 4342 Ilias,
425 4279 534 4331 Gothae
553 4281 626 4333 1832.

285 4366 313 4427 ¹³)
333 4381 358 4416 v.
378 4365 457 4417 Hom.
477 4365 559 4417 Blutt.
577 4365 607 4428 L,
628 4367 684 4418 152.
