3098 4988
777 326 796 386 9

723 409 887 416 -..ι-

239 542 242 548 ·
312 509 414 576 Immo
436 531 514 576 vero
536 533 600 575 non
623 510 773 587 deerunt,
804 511 859 597 qui
887 511 1078 596 scriptorum
1106 520 1252 575 veterum
1274 533 1347 597 ope·

229 612 318 678 ribus
340 622 489 683 accurate
511 612 712 699 perlustratis
733 611 840 698 legem
862 612 1003 699 aliquam
1026 612 1180 696 indagare
1196 611 1258 676 sibi
1273 634 1345 698 pro·

228 723 358 802 ponant.
408 714 482 780 Non
520 715 604 779 enim
636 714 785 780 omnibus
815 715 1033 801 cuiuscunque
1063 715 1190 798 generis
1218 713 1346 778 casibus

229 815 406 881 subiectam
428 838 498 881 esse
515 816 667 902 linguam,
692 817 749 881 sed
765 816 943 892 luculentis,
961 815 1037 884 dum
1051 816 1146 882 modo
1162 816 1345 900 investiges,

228 918 354 1004 legibus
376 917 418 984 ab
442 919 533 984 initio
556 927 652 1005 atque
674 919 750 983 inde
772 919 933 1002 gradatim
956 920 988 982 in
1012 941 1105 982 omns
1128 930 1254 1005 tempus
1276 921 1347 1002 regi

226 1055 268 1064 —
290 1020 363 1108 quis
385 1029 434 1085 est
456 1023 512 1107 qui
534 1021 655 1105 neget?
690 1021 868 1086 Historiam
891 1021 991 1106 igitur
1013 1023 1106 1107 quasi
1128 1021 1258 1106 linguae
1281 1023 1346 1084 ani·

226 1124 287 1187 mis
310 1144 421 1187 eorum
443 1122 609 1190 obversari
631 1145 763 1188 necesse
787 1125 855 1200 erit,
877 1124 933 1210 qui
954 1145 1048 1187 usum
1069 1123 1221 1211 loquendi
1237 1145 1345 1209 quem-

226 1224 306 1290 libet
326 1235 414 1290 recte
437 1225 597 1290 illustrare
619 1225 681 1289 sibi
702 1228 934 1312 proposuerint.
973 1225 1265 1312 Speremusigitur
1288 1225 1346 1290 ori·

227 1337 315 1392 turos
337 1326 431 1392 nobis
454 1351 524 1392 esse
549 1328 743 1404 „Grimmios
766 1326 852 1405 illos,
883 1350 962 1414 quos
991 1350 1077 1392 nuno
1108 1327 1244 1392 deficere
1267 1328 1344 1392 nos“

227 1429 410 1516 nuperrime
438 1452 562 1495 summo
592 1431 662 1494 iure
693 1429 794 1494 doluit
817 1428 930 1516 Tycho
952 1427 1219 1504 Mommsenus*l‚
1256 1452 1346 1516 prae-

227 1540 337 1618 ceptor
359 1541 467 1597 noster
489 1555 611 1596 summe
628 1533 846 1605 ,venerandus
890 1533 957 1596 Nos
979 1541 1097 1607 autem,
1121 1541 1277 1618 quantum
1299 1540 1347 1596 est

226 1636 360 1709 virium,
390 1634 576 1699 studeamus
599 1636 793 1700 constituere
816 1636 955 1699 rationes
976 1657 1053 1698 usus
1075 1634 1161 1698 illius
1183 1633 1347 1698 Homerici

227 1746 260 1801 et
280 1731 438 1802 Hesiodei
467 1737 499 1799 in
529 1738 650 1801 neutris
678 1736 857 1823 pluralibus
887 1759 960 1800 cum
989 1735 1099 1802 verbis
1129 1735 1346 1820 singularibus

228 1838 280 1904 vel
302 1837 482 1925 pluralibus
505 1839 746 1923 coniungendis.

311 1939 487 2008 collecturi
518 1950 626 2005 autem
659 1963 768 2005 sumus
799 1941 832 2004 in
868 1950 960 2026 parte
996 1941 1098 2006 altera
1134 1939 1284 2026 exempla
1315 1950 1347 2003 et

227 2043 401 2109 Homerica
422 2053 455 2107 et
476 2043 641 2109 Hesiodea
650 2040 707 2120 **)‚
736 2044 835 2108 variis
864 2042 1056 2108 lectionibus
1078 2041 1269 2129 scholiisque
1292 2041 1346 2109 ad-

226 2146 318 2220 ditis,
349 2167 448 2233 quum
477 2147 510 2209 in
540 2144 642 2211 altera
670 2146 811 2209 rationes
839 2145 1033 2209 constituere
1055 2144 1150 2210 nobis
1172 2146 1213 2209 sit
1234 2166 1347 2231 propo-

225 2248 329 2313 situm.
372 2246 447 2330 Qua
478 2249 510 2311 in
540 2270 574 2312 re
602 2246 779 2313 notandum
809 2256 873 2323 cst,
903 2248 936 2311 in
969 2246 1126 2333 exemplis
1156 2247 1346 2330 colligendis

226 2371 352 2436 semper
374 2371 413 2415 ea
433 2351 558 2416 ratione
581 2371 639 2414 nos
666 2371 735 2414 esse
766 2371 895 2427 usuros,
925 2360 962 2413 ut
990 2349 1156 2435 exemplar
1184 2349 1346 2437 quoddam

227 2452 319 2540 quasi
348 2452 526 2538 principale
554 2453 711 2536 eligamus
740 2455 834 2539 eique
863 2452 984 2528 omnia,
1015 2474 1098 2539 quae
1127 2462 1202 2517 sunt
1231 2449 1347 2516 similia

228 2554 476 2638 subiungamus3
504 2555 621 2620 deinde
644 2556 751 2620 omnia
772 2564 804 2619 et
825 2555 950 2618 numeri
972 2553 1145 2637 singularis
1168 2564 1200 2619 et
1221 2555 1346 2618 numeri

173 2712 175 2717 .
228 2656 360 2744 pluralis
382 2656 530 2744 exempla
552 2679 589 2722 eo
612 2658 707 2722 modo
730 2658 913 2742 signaluros
935 2653 994 2721 nos
1015 2679 1095 2732 esse,
1117 2666 1155 2721 ut
1170 2655 1346 2741 singularia

228 2760 328 2844 signis
352 2764 393 2836 1³,
416 2763 449 2824 2Β
472 2769 544 2824 cett
567 2769 727 2837 notentur,
749 2758 886 2846 pluralia
909 2763 952 2834 lb,
977 2762 1011 2821 21)
1034 2768 1116 2837 cett;
1139 2760 1193 2836 ita,
1214 2770 1252 2823 ut
1266 2781 1346 2824 sem·

226 2885 284 2949 per
305 2861 456 2928 facillime
477 2861 574 2927 liceat
595 2863 700 2928 redire
722 2862 764 2926 ad
780 2860 917 2950 quodvis
933 2862 1126 2949 exemplum.
1140 2895 1181 2904 —
1195 2860 1346 2948 Sequitur

226 2987 312 3030 nunc
332 2987 408 3051 pars
430 2965 525 3052 prior.

295 3131 356 3185 *ln
374 3147 470 3200 progr.
490 3149 584 3201 gymn.
603 3130 732 3184 Francos.
752 3129 831 3193 1877,
857 3131 885 3183 in
908 3133 962 3184 fine
987 3130 1194 3183 dissertationis
1219 3145 1286 3183 suae
1310 3131 1345 3182 de

227 3183 343 3273 Piddari
356 3217 438 3272 codd.
457 3217 587 3286 scriptae.

296 3304 334 3367 ⁸⁸)
353 3303 404 3356 Usi
422 3319 518 3356 sumus
536 3303 565 3355 in
583 3302 733 3356 afferendis
753 3302 881 3355 versibus
901 3301 1072 3356 editionibus
1091 3305 1229 3368 apparatu
1247 3301 1344 3361 critico

229 3391 374 3442 instructis
394 3405 410 3441 a
429 3387 575 3442 Larochio.
